@article{schneider2016animal,
  title={Animal diversity and ecosystem functioning in dynamic food webs},
  author={Schneider, Florian D and Brose, Ulrich and Rall, Bj{\"o}rn C and Guill, Christian},
  journal={Nature Communications},
  volume={7},
  number={1},
  pages={1--8},
  year={2016},
  publisher={Nature Publishing Group}
}

@article{williams2000simple,
  title={Simple rules yield complex food webs},
  author={Williams, Richard J and Martinez, Neo D},
  journal={Nature},
  volume={404},
  number={6774},
  pages={180--183},
  year={2000},
  publisher={Nature Publishing Group}
}

@article{allesina2008general,
  title={A general model for food web structure},
  author={Allesina, Stefano and Alonso, David and Pascual, Mercedes},
  journal={science},
  volume={320},
  number={5876},
  pages={658--661},
  year={2008},
  publisher={American Association for the Advancement of Science}
}

@article{delmas2017simulations,
  title={Simulations of biomass dynamics in community food webs},
  author={Delmas, Eva and Brose, Ulrich and Gravel, Dominique and Stouffer, Daniel B and Poisot, Timoth{\'e}e},
  journal={Methods in Ecology and Evolution},
  volume={8},
  number={7},
  pages={881--886},
  year={2017},
  publisher={Wiley Online Library}
}

@article{binzer2016interactive,
  title={Interactive effects of warming, eutrophication and size structure: impacts on biodiversity and food-web structure},
  author={Binzer, Amrei and Guill, Christian and Rall, Bj{\"o}rn C and Brose, Ulrich},
  journal={Global Change Biology},
  volume={22},
  number={1},
  pages={220--227},
  year={2016},
  publisher={Wiley Online Library}
}
  @Article{DeSolve,
    title = {Solving Differential Equations in {R}: Package de{S}olve},
    author = {Karline Soetaert and Thomas Petzoldt and R. Woodrow
      Setzer},
    journal = {Journal of Statistical Software},
    volume = {33},
    number = {9},
    pages = {1--25},
    year = {2010},
    doi = {10.18637/jss.v033.i09}
  }
  
@article{Yodzis_Innes,
author = {Yodzis, P. and Innes, S.},
title = {Body Size and Consumer-Resource Dynamics},
journal = {The American Naturalist},
volume = {139},
number = {6},
pages = {1151-1175},
year = {1992},
doi = {10.1086/285380},
URL = {https://doi.org/10.1086/285380 },
eprint = {https://doi.org/10.1086/285380}
}


@article{Rosenzweig,
author = {Michael L. Rosenzweig },
title = {Paradox of Enrichment: Destabilization of Exploitation Ecosystems in Ecological Time},
journal = {Science},
volume = {171},
number = {3969},
pages = {385-387},
year = {1971},
doi = {10.1126/science.171.3969.385},
URL = {https://www.science.org/doi/abs/10.1126/science.171.3969.385},
eprint = {https://www.science.org/doi/pdf/10.1126/science.171.3969.385}
}

